@misc{Afonso2017AWings,
    title = {{A review on non-linear aeroelasticity of high aspect-ratio wings}},
    year = {2017},
    booktitle = {Progress in Aerospace Sciences},
    author = {Afonso, Frederico and Vale, José and Oliveira, Éder and Lau, Fernando and Suleman, Afzal},
    doi = {10.1016/j.paerosci.2016.12.004},
    issn = {03760421},
    keywords = {Computational aeroelasticity, Flexible structures, Geometric non-linearities, High aspect-ratio wings, Non-linear aeroelasticity}
}

@article{Goland1949AWings,
    title = {{A Study of the Bending-Torsion Aeroelastic Modes for Aircraft Wings}},
    year = {1949},
    journal = {Journal of the Aeronautical Sciences},
    author = {Goland, Martin and Luke, Yudell L.},
    pages = {389--396},
    volume = {16}
}

@techreport{Spada2014AeroelasticCommittee,
    title = {{Aeroelastic Analysis of Nonlinear High Aspect Ratio Wings Aerospace Engineering Examination Committee}},
    year = {2014},
    author = {Spada, Christian and Suleman, Afzal and Szolnoky Ramos Pinto Cunha Supervisor, Filipe},
    keywords = {Aeroelastic Analysis, Aeroelastic Scaling, Equivalent Static Loads (ESL), Flutter speed, High aspect ratio wings, Nonlinear structural effects III}
}

@article{Frulla2004AeroelasticWing,
    title = {{Aeroelastic behaviour of a solar-powered high-altitude long endurance unmanned air vehicle (HALE-UAV) slender wing}},
    year = {2004},
    journal = {Proceedings of the Institution of Mechanical Engineers, Part G: Journal of Aerospace Engineering},
    author = {Frulla, G.},
    isbn = {0954410041},
    doi = {10.1243/0954410041872889},
    issn = {09544100},
    keywords = {Aeroelastic design, High-altitude platform (HAVE-UAV), Slender structures}
}

@article{Harmin2011AeroelasticNonlinearities,
    title = {{Aeroelastic behaviour of a wing including geometric nonlinearities}},
    year = {2011},
    journal = {Aeronautical Journal},
    author = {Harmin, M. Y. and Cooper, J. E.},
    isbn = {978-1-60086-961-7},
    doi = {10.1017/S0001924000006515},
    issn = {00019240}
}

@inproceedings{Howcroft2016AeroelasticWings,
    title = {{Aeroelastic Modelling of Highly Flexible Wings}},
    year = {2016},
    booktitle = {15th Dynamics Specialists Conference},
    author = {Howcroft, Chris and Calderon, Dario and Lambert, Luke and Castellani, Michele and Cooper, Jonathan E. and Lowenberg, Mark H. and Neild, Simon},
    isbn = {978-1-62410-398-8},
    doi = {10.2514/6.2016-1798}
}

@book{2011AeroelasticityFlutter,
    title = {{Aeroelasticity and Flutter}},
    year = {2011},
    booktitle = {Encyclopedia of Science and Technology},
    edition = {11th},
    pages = {170--199},
    volume = {01},
    publisher = {McGraw Hill}
}

@article{Livne2003AeroelasticityFuture,
    title = {{Aeroelasticity of Nonconventional Airplane Configurations-Past and Future}},
    year = {2003},
    journal = {Journal of Aircraft},
    author = {Livne, E. and Weisshaar, Terrence A.},
    doi = {10.2514/2.7217},
    issn = {0021-8669}
}

@techreport{BODEPLOTS,
    title = {{BODE PLOTS}}
}

@article{Ritter2018ComparisonAircraft,
    title = {{Comparison of Nonlinear Aeroelastic Methods for Maneuver Simulation of Very Flexible Aircraft}},
    year = {2018},
    author = {Ritter, Markus and Teixeira, Patricia C and Cesnik, Carlos E S},
    url = {http://arc.aiaa.org},
    doi = {10.2514/6.2018-1953}
}

@inproceedings{Ritter2018ComparisonAircraftb,
    title = {{Comparison of Nonlinear Aeroelastic Methods for Maneuver Simulation of Very Flexible Aircraft}},
    year = {2018},
    author = {Ritter, Markus and Teixeira, Patricia and Cesnik, Carlos E.},
    doi = {10.2514/6.2018-1953}
}

@techreport{Hesse2013ConsistentAircraft,
    title = {{Consistent Aeroelastic Linearisation and Reduced-Order Modelling in the Dynamics of Manoeuvring Flexible Aircraft}},
    year = {2013},
    author = {Hesse, Henrik}
}

@article{Tang2004EffectsWings,
    title = {{Effects of geometric structural nonlinearity of flutter and limit cycle oscillations of high-aspect-ratio wings}},
    year = {2004},
    journal = {Journal of Fluids and Structures},
    author = {Tang, D. M. and Dowell, E. H.},
    isbn = {0889-9746},
    doi = {10.1016/j.jfluidstructs.2003.10.007},
    issn = {08899746}
}

@article{Tang2001ExperimentalWings,
    title = {{Experimental and Theoretical Study on Aeroelastic Response of High-Aspect-Ratio Wings}},
    year = {2001},
    journal = {AIAA Journal},
    author = {Tang, Deman and Dowell, Earl H.},
    isbn = {10.2514/2.1484},
    doi = {10.2514/2.1484},
    issn = {0001-1452}
}

@article{Tang2001ExperimentalWingsb,
    title = {{Experimental and Theoretical Study on Aeroelastic Response of High-Aspect-Ratio Wings}},
    year = {2001},
    journal = {AIAA Journal},
    author = {Tang, Deman and Dowell, Earl H.},
    isbn = {10.2514/2.1484},
    doi = {10.2514/2.1484},
    issn = {0001-1452}
}

@techreport{MaxKamenetskyFilteredDemo,
    title = {{Filtered Audio Demo}},
    author = {{Max Kamenetsky}}
}

@phdthesis{Raghavan2009FlightFlying-Wings,
    title = {{Flight Dynamics and Control of Highly Flexible Flying-Wings}},
    year = {2009},
    booktitle = {ProQuest Dissertations and Theses},
    author = {Raghavan, Brijesh},
    keywords = {0538:Aerospace engineering, Aerospace engineering, Applied sciences, Flexible high aspect ratioo, Flight control, Flight dynamics, Flying wings}
}

@techreport{MohammedFREEWINGS,
    title = {{FREE VIBRATION AND FLUTTER ANALYSIS OF HIGH ASPECT RATIO WINGS}},
    author = {Mohammed, Abdulnasir}
}

@techreport{2009FrequencyPreliminaries,
    title = {{Frequency Response and Bode Plots 1.1 Preliminaries}},
    year = {2009}
}

@book{Wright2015INTRODUCTIONLOADS,
    title = {{INTRODUCTION TO AIRCRAFT AEROELASTICITY AND LOADS}},
    year = {2015},
    author = {Wright, Jan R. and Cooper, Jonathan E.},
    edition = {2nd},
    publisher = {John Wiley {\&} Sons, Ltd}
}

@book{Hodges2002IntroductionAeroelasticity,
    title = {{Introduction to Structural Dynamics and Aeroelasticity}},
    year = {2002},
    author = {Hodges, Dewey H. and Pierce, G. Alvin},
    edition = {2nd},
    publisher = {Cambridge   University   Press,Cambridge}
}

@article{LectureSignals,
    title = {{Lecture pack 1 - practical sensors and signals }}
}

@article{Patil2001Limit-cycleWings,
    title = {{Limit-cycle oscillations in high-aspect-ratio wings}},
    year = {2001},
    journal = {Journal of Fluids and Structures},
    author = {Patil, M. J. and Hodges, D. H. and Cesnik, C. E.S.},
    isbn = {0003684983256},
    doi = {10.1006/jfls.2000.0329},
    issn = {08899746},
    pmid = {3}
}

@techreport{Afonso2015LINEARWINGS,
    title = {{LINEAR VS NON-LINEAR AEROELASTIC ANALYSIS OF HIGH ASPECT-RATIO WINGS}},
    year = {2015},
    author = {Afonso, Frederico and Vale, J and Oliveira, Éder and Lau, F and Leal, Gonçalo and Vale, José and Oliveira, ´ Eder and Lau, Fernando and Suleman, Afzal},
    url = {https://www.researchgate.net/publication/280924233},
    keywords = {Fluid-Structure Inter-action, High Aspect-Ratio Wings, Non-linear Aeroelasticity}
}

@article{Schweiger2002MDOAIRCRAFT,
    title = {{MDO CONCEPTS FOR AN EUROPEAN RESEARCH PROJECT ON ACTIVE AEROELASTIC AIRCRAFT}},
    year = {2002},
    author = {Schweiger, Johannes and Suleman, Afzal and Kuzmina, Svetlana I and Chedrik, Victor V},
    url = {www.3AS.org.},
    doi = {10.2514/6.2002-5403}
}

@inproceedings{Banerjee2016ModalMethod,
    title = {{Modal analysis of sailplane and transport aircraft wings using the dynamic stiffness method}},
    year = {2016},
    booktitle = {Journal of Physics: Conference Series},
    author = {Banerjee, J. R.},
    doi = {10.1088/1742-6596/721/1/012005},
    issn = {17426596}
}

@article{Suleman2017Non-linearVariation,
    title = {{Non-linear aeroelastic analysis in the time domain of high-aspect-ratio wings: Effect of chord and taper-ratio variation}},
    year = {2017},
    journal = {Aeronautical Journal},
    author = {Suleman, A. and Afonso, F. and Vale, J. and Oliveira, E. and Lau, F.},
    doi = {10.1017/aer.2016.94},
    issn = {00019240},
    keywords = {Aeroelasticity, aircraft design, and taper-ratio variation, high-aspect-ratio, non-linear aeroelasticity, wing chord}
}

@techreport{CHETANNICHKAWDE2006NONLINEARCONTINUATION,
    title = {{NONLINEAR AEROELASTIC ANALYSIS OF HIGH ASPECT-RATIO WINGS USING THE METHOD OF NUMERICAL CONTINUATION}},
    year = {2006},
    author = {{CHETAN NICHKAWDE}}
}

@inproceedings{Cesnik2005NonlinearAircraft,
    title = {{Nonlinear Aeroelastic Modeling and Analysis of Fully Flexible Aircraft}},
    year = {2005},
    booktitle = {46th AIAA/ASME/ASCE/AHS/ASC Structures, Structural Dynamics and Materials Conference},
    author = {Cesnik, Carlos and Su, Weihua},
    isbn = {978-1-62410-065-9},
    doi = {10.2514/6.2005-2169},
    issn = {02734508}
}

@article{2015NonlinearAeroelasticity,
    title = {{Nonlinear aeroelasticity}},
    year = {2015},
    journal = {Solid Mechanics and its Applications},
    isbn = {0877031673},
    doi = {10.1007/978-3-319-09453-3{\_}11},
    issn = {09250042},
    pmid = {24567347}
}

@article{Patil2001NonlinearAircraft,
    title = {{Nonlinear Aeroelasticity and Flight Dynamics of High-Altitude Long-Endurance Aircraft}},
    year = {2001},
    journal = {Journal of Aircraft},
    author = {Patil, Mayuresh J. and Hodges, Dewey H. and S. Cesnik, Carlos E.},
    isbn = {0021-8669},
    doi = {10.2514/2.2738},
    issn = {0021-8669}
}

@techreport{Shukla2016NonlinearSystems,
    title = {{Nonlinear Analysis and Control of Aeroelastic Systems}},
    year = {2016},
    author = {Shukla, Himanshu and Sultan, Cornel and Philen, Michael K},
    keywords = {()}
}

@techreport{HodgesNonlinearProject,
    title = {{Nonlinear equations of motion for the elastic bending and torsion of twisted nonuniform rotor blades reduced order model View project Multiscale Structural Mechanics View project}},
    author = {Hodges, Dewey H and Dowell, E H},
    url = {https://www.researchgate.net/publication/24334486}
}

@article{Castellani2017NonlinearMethods,
    title = {{Nonlinear Static Aeroelasticity of High-Aspect-Ratio-Wing Aircraft by Finite Element and Multibody Methods}},
    year = {2017},
    journal = {Journal of Aircraft},
    author = {Castellani, Michele and Cooper, Jonathan E. and Lemmens, Yves},
    isbn = {978-1-62410-398-8},
    doi = {10.2514/1.C033825},
    issn = {0021-8669}
}

@article{EatonNumericalWings,
    title = {{Numerical Continuation of Limit Cycle Oscillations and Bifurcations in High-Aspect-Ratio Wings}},
    author = {Eaton, Andrew J and Howcroft, Chris and Coetzee, Etienne B and Neild, Simon A and Lowenberg, Mark H and Cooper, Jonathan E},
    url = {www.mdpi.com/journal/aerospace},
    doi = {10.3390/aerospace5030078},
    keywords = {Hopf bifurcation, aeroelasticity, flutter, high-aspect-ratio wing, nonlinear dynamics, numerical continuation, periodic fold bifurcation}
}

@article{Howcroft2018OnTests,
    title = {{On the geometrically exact low-order modelling of a flexible beam: Formulation and numerical tests}},
    year = {2018},
    journal = {Proceedings of the Royal Society A: Mathematical, Physical and Engineering Sciences},
    author = {Howcroft, C. and Cook, R. G. and Neild, S. A. and Lowenberg, M. H. and Cooper, J. E. and Coetzee, E. B.},
    doi = {10.1098/rspa.2018.0423},
    issn = {14712946},
    keywords = {Geometrically exact, Non-planar, Nonlinear dynamics, Reduced order, Shape function, Timoshenko beam}
}

@book{FAA2016PilotsKnowledge,
    title = {{Pilot's Handbook of Aeronautical Knowledge}},
    year = {2016},
    author = {{FAA}},
    pages = {Chapter 8}
}

@book{RaymondL.Bisplinghoff2002PrinciplesAeroelasticity,
    title = {{Principles of Aeroelasticity}},
    year = {2002},
    author = {{Raymond L. Bisplinghoff} and {Holt Ashley}},
    editor = {{Dover Phoenix}},
    publisher = {Dover Publications}
}

@article{Hesse2014Reduced-OrderAircraft,
    title = {{Reduced-Order Aeroelastic Models for Dynamics of Maneuvering Flexible Aircraft}},
    year = {2014},
    journal = {AIAA Journal},
    author = {Hesse, Henrik and Palacios, Rafael},
    isbn = {0001-1452{\textbackslash}r1533-385X},
    doi = {10.1007/978-1-4939-3170-5{\_}10},
    issn = {10643745},
    pmid = {26552679}
}

@techreport{SignalsNotes,
    title = {{Signals Theory Notes}}
}

@inproceedings{Dowell2010SomeCentury,
    title = {{Some Recent Advances in Nonlinear Aeroelasticity: Fluid-Structure Interaction in the 21st Century}},
    year = {2010},
    booktitle = {51st AIAA/ASME/ASCE/AHS/ASC Structures, Structural Dynamics, and Materials Conference{\&}lt;BR{\&}gt; 18th AIAA/ASME/AHS Adaptive Structures Conference{\&}lt;BR{\&}gt; 12th},
    author = {Dowell, Earl},
    isbn = {978-1-60086-961-7},
    doi = {10.2514/6.2010-3137},
    issn = {02734508}
}

@techreport{Bradley2012SubsonicDevelopment,
    title = {{Subsonic Ultra Green Aircraft Research PhaseII: N+4 Advanced Concept Development}},
    year = {2012},
    author = {Bradley, Marty K and Droney, Christopher K},
    url = {http://www.sti.nasa.gov}
}

@techreport{Bradley2011SubsonicReport,
    title = {{Subsonic Ultra Green Aircraft Research: Phase I Final Report}},
    year = {2011},
    author = {Bradley, Marty K and Droney, Christopher K},
    url = {http://www.sti.nasa.gov}
}

@techreport{Bradley2015SubsonicExploration,
    title = {{Subsonic Ultra Green Aircraft Research: Phase II-Volume I-Truss Braced Wing Design Exploration}},
    year = {2015},
    author = {Bradley, Marty K and Droney, Christopher K and Allen, Timothy J},
    url = {http://www.sti.nasa.gov}
}

@techreport{Bradley2015SubsonicExplorationb,
    title = {{Subsonic Ultra Green Aircraft Research: Phase II-Volume II-Hybrid Electric Design Exploration}},
    year = {2015},
    author = {Bradley, Marty K and Droney, Christopher K},
    url = {http://www.sti.nasa.gov}
}

@techreport{SYSTEMSPlot,
    title = {{SYSTEMS Pt. 3 Poles and zeros, Bode plot}}
}

@article{Goland1945TheWing,
    title = {{The Flutter of a Uniform Cantilever Wing}},
    year = {1945},
    journal = {Journal of Applied Mehanics},
    author = {Goland, Martin}
}

@article{S.Cesnik2012X-HALE:Tests,
    title = {{X-HALE: A Very Flexible Unmanned Aerial Vehicle for Nonlinear Aeroelastic Tests}},
    year = {2012},
    journal = {AIAA Journal},
    author = {S. Cesnik, Carlos E. and Senatore, Patrick J. and Su, Weihua and Atkins, Ella M. and Shearer, Christopher M.},
    isbn = {978-1-60086-961-7},
    doi = {10.2514/1.J051392},
    issn = {0001-1452}
}